@article{Shani-1980,
doi	= {10.1145/965105.807511},
title	= {Filling regions in binary raster images},
author	= {Shani, Uri},
journal	= {ACM SIGGRAPH Computer Graphics    1980-jul 01 vol. 14 iss. 3},
year	= {1980},
month	= {jul},
day	= {01},
volume	= {14},
issue	= {3},
page	= {321--327},
url =       {libgen.li/file.php?md5=639b871b82973f516b0218ba74b376f7},
}
@book{gragevol3-225,
title = {Graphics gems},
volume = {3},
page = {225},
chapter = {JOINING TWO LINES WITH A CIRCULAR ARC FILLET},
}
@article{bresenham1996,
title = {Pixel-Processing Fundamentals},
year = {1996},
month = {January},
page = {74},
journal = {IEEE Computer Graphics and Applications},
}
